<record><leader>00000cas a2200000 i 4500</leader><controlfield tag="001">946578513</controlfield><controlfield tag="006">m     o  d        </controlfield><controlfield tag="007">cr |||||||||||</controlfield><controlfield tag="008">160413d184u18uuinuwr neo     0   a0eng  </controlfield><datafield ind1=" " ind2=" " tag="010"><subfield code="a">  2016271041</subfield></datafield><datafield ind1=" " ind2=" " tag="040"><subfield code="a">DLC</subfield><subfield code="b">eng</subfield><subfield code="e">rda</subfield><subfield code="c">DLC</subfield><subfield code="d">OCLCF</subfield></datafield><datafield ind1="0" ind2=" " tag="022"><subfield code="a">2471-8785</subfield><subfield code="2">1</subfield></datafield><datafield ind1=" " ind2=" " tag="042"><subfield code="a">pcc</subfield><subfield code="a">nsdp</subfield></datafield><datafield ind1=" " ind2=" " tag="043"><subfield code="a">n-us-in</subfield></datafield><datafield ind1="1" ind2="0" tag="050"><subfield code="a">ISSN RECORD</subfield></datafield><datafield ind1="1" ind2="0" tag="082"><subfield code="a">071</subfield><subfield code="2">23</subfield></datafield><datafield ind1=" " ind2="0" tag="222"><subfield code="a">Evansville weekly journal</subfield><subfield code="b">(Online)</subfield></datafield><datafield ind1="0" ind2="0" tag="245"><subfield code="a">Evansville weekly journal.</subfield></datafield><datafield ind1="1" ind2="3" tag="246"><subfield code="a">Weekly journal</subfield></datafield><datafield ind1=" " ind2="1" tag="264"><subfield code="a">Evansville, Ind. :</subfield><subfield code="b">Wm. H. Chandler &amp; Co.</subfield></datafield><datafield ind1=" " ind2=" " tag="300"><subfield code="a">1 online resource</subfield></datafield><datafield ind1=" " ind2=" " tag="310"><subfield code="a">Weekly</subfield></datafield><datafield ind1=" " ind2=" " tag="336"><subfield code="a">text</subfield><subfield code="b">txt</subfield><subfield code="2">rdacontent</subfield></datafield><datafield ind1=" " ind2=" " tag="337"><subfield code="a">computer</subfield><subfield code="b">c</subfield><subfield code="2">rdamedia</subfield></datafield><datafield ind1=" " ind2=" " tag="338"><subfield code="a">online resource</subfield><subfield code="b">cr</subfield><subfield code="2">rdacarrier</subfield></datafield><datafield ind1=" " ind2=" " tag="580"><subfield code="a">Daily eds.: Evansville daily journal (Evansville, Ind. : 1848), and: Daily Evansville journal.</subfield></datafield><datafield ind1=" " ind2=" " tag="580"><subfield code="a">Triweekly ed.: Tri-weekly journal (Evansville, Ind.).</subfield></datafield><datafield ind1=" " ind2=" " tag="588"><subfield code="a">Description based on: Vol. XIII, no. 46 (January 7, 1847 [1848]); title from massthead (Chroniclingamerica.loc.gov, viewed April 13, 2016).</subfield></datafield><datafield ind1=" " ind2=" " tag="588"><subfield code="a">Latest issue consulted: Vol. XIV, no. 28 (August 31, 1848) (Chroniclingamerica.loc.gov, viewed April 13, 2016).</subfield></datafield><datafield ind1=" " ind2="0" tag="651"><subfield code="a">Evansville (Ind.)</subfield><subfield code="v">Newspapers.</subfield></datafield><datafield ind1=" " ind2="7" tag="655"><subfield code="a">Newspapers.</subfield><subfield code="2">fast</subfield><subfield code="0">(OCoLC)fst01423814</subfield></datafield><datafield ind1=" " ind2="7" tag="651"><subfield code="a">Indiana</subfield><subfield code="z">Evansville.</subfield><subfield code="2">fast</subfield><subfield code="0">(OCoLC)fst01213859</subfield></datafield><datafield ind1=" " ind2=" " tag="752"><subfield code="a">United States</subfield><subfield code="b">Indiana</subfield><subfield code="c">Vanderburgh</subfield><subfield code="d">Evansville.</subfield></datafield><datafield ind1="0" ind2=" " tag="775"><subfield code="t">Evansville daily journal (Evansville, Ind. : 1848)</subfield></datafield><datafield ind1="0" ind2=" " tag="775"><subfield code="t">Daily Evansville journal</subfield></datafield><datafield ind1="0" ind2=" " tag="775"><subfield code="t">Tri-weekly journal (Evansville, Ind.)</subfield></datafield><datafield ind1="0" ind2="8" tag="776"><subfield code="i">Originally issued in print:</subfield><subfield code="t">Evansville weekly journal</subfield><subfield code="x">2471-8777</subfield><subfield code="w">(DLC)sn 82016320</subfield><subfield code="w">(OCoLC)9287183</subfield></datafield><datafield ind1="0" ind2="0" tag="780"><subfield code="t">Evansville journal (Evansville, Ind. : Weekly)</subfield></datafield><datafield ind1="0" ind2="0" tag="785"><subfield code="t">Weekly Evansville journal</subfield></datafield><datafield ind1="4" ind2="0" tag="856"><subfield code="u">http://www.loc.gov/chroniclingamerica/lccn/sn82016320/issues</subfield></datafield></record>